@online{UniswapV4,
  title={Uniswap v4 Core},
  author={Hayden Adams and Noah Zinsmeister and Moody Salem and Sara Reynolds and Austin Adams and Will Pote and Mark Toda and Alice Henshaw and Emily Williams and Dan Robinson},
  url={https://github.com/Uniswap/v4-core/blob/main/docs/whitepaper/whitepaper-v4.pdf},
  month={8},
  year={2024}
}
@online{UniswapV3,
  author={Hayden Adams and Noah Zinsmeister and Moody Salem and River Keefer and Dan Robinson},
  year={2021},
  month={mar},
  title={Uniswap v3 Core},
  url={https://uniswap.org/whitepaper-v3.pdf},
  lastaccessed={Jun 12, 2023},
}